<?xml version="1.0" encoding="UTF-8"?><collection xmlns="http://www.loc.gov/MARC21/slim"><record><leader>00595nam--2200181-i-4500</leader><controlfield tag="001">000013355</controlfield><controlfield tag="002">20161230</controlfield><controlfield tag="005">20170221161607</controlfield><controlfield tag="008">060222s1000------------r-----000-0-fre-d</controlfield><datafield ind1=" " ind2=" " tag="040"><subfield code="a">IFIN-HH</subfield></datafield><datafield ind1=" " ind2=" " tag="041"><subfield code="a">fre</subfield></datafield><datafield ind1=" " ind2=" " tag="080"><subfield code="a">539.12.162.8:539.26(043)</subfield></datafield><datafield ind1="1" ind2=" " tag="100"><subfield code="a">Dartyge, Elisabeth Nee Mac Grath</subfield></datafield><datafield ind1="1" ind2="0" tag="245"><subfield code="a">Etude par diffusion des rayons x aux petits angles de la trace latente des ions lourds de haute energie dans solides isolants</subfield><subfield code="b">These</subfield><subfield code="c">Elisabeth Dartyge Nee Mac Grath</subfield></datafield><datafield ind1=" " ind2=" " tag="260"><subfield code="a">Paris</subfield><subfield code="b">Universite</subfield><subfield code="c">1979</subfield></datafield><datafield ind1=" " ind2=" " tag="300"><subfield code="a">125 p</subfield></datafield><datafield ind1=" " ind2=" " tag="852"><subfield code="a">48530</subfield><subfield code="c">539.12</subfield></datafield><datafield ind1=" " ind2=" " tag="CAT"><subfield code="a">SYS</subfield><subfield code="c">20170221</subfield><subfield code="h">161607</subfield></datafield></record></collection>